@misc{kfw-not-reachable,
  author       = {{Jan Mahn}},
  title        = {Förderprogramm für Photovoltaik: KfW-Portal nicht erreichbar},
  year         = {2023},
  howpublished = {\url{https://www.heise.de/news/Foerderprogramm-fuer-Photovoltaik-KfW-Portal-nicht-erreichbar-9316443.html}},
  note         = {{[Online, abgerufen am 05.10.23]}}
}
@misc{it-system-scaling,
  author       = {{Adrian Bridgwater}},
  title        = {What Does IT Scalability Actually Mean?},
  year         = {2023},
  howpublished = {\url{https://www.forbes.com/sites/adrianbridgwater/2022/07/04/what-does-it-scalability-actually-mean/?sh=4ef68b4c3429}},
  note         = {{[Online, abgerufen am 05.10.23]}}
}
@misc{kubernetes-overview,
  author       = {{The Kubernetes Authors}},
  title        = {Overview},
  year         = {2023},
  howpublished = {\url{https://kubernetes.io/docs/concepts/overview/}},
  note         = {{[Online, abgerufen am 05.10.23]}}
}

@misc{kubernetes-objects,
  author       = {{The Kubernetes Authors}},
  title        = {{Objects In Kubernetes}},
  year         = {2023},
  howpublished = {\url{https://kubernetes.io/docs/concepts/overview/working-with-objects/}},
  note         = {{[Online, abgerufen am 05.10.23]}}
}

@misc{kubernetes-config-declarative,
  author       = {{The Kubernetes Authors}},
  title        = {{Objects In Kubernetes}},
  year         = {2023},
  howpublished = {\url{https://kubernetes.io/docs/tasks/manage-kubernetes-objects/declarative-config/}},
  note         = {{[Online, abgerufen am 05.10.23]}}
}

@misc{kubernetes-config-problems,
  author       = {{Alexandre Vazquez}},
  title        = {{Learn How to Write Kubernetes YAML Manifest more Efficiently}},
  year         = {2022},
  howpublished = {\url{https://alexandre-vazquez.com/learn-how-to-write-kubernetes-yaml-manifests-more-efficiently/}},
  note         = {{[Online, abgerufen am 05.10.23]}}
}

@inproceedings{usability-criteria-static-analysis-tools,
  author    = {Nachtigall, Marcus and Schlichtig, Michael and Bodden, Eric},
  title     = {A Large-Scale Study of Usability Criteria Addressed by Static Analysis Tools},
  year      = {2022},
  isbn      = {9781450393799},
  publisher = {Association for Computing Machinery},
  address   = {New York, NY, USA},
  url       = {https://doi.org/10.1145/3533767.3534374},
  doi       = {10.1145/3533767.3534374},
  abstract  = {Static analysis tools support developers in detecting potential coding issues, such as bugs or vulnerabilities. Research on static analysis emphasizes its technical challenges but also mentions severe usability shortcomings. These shortcomings hinder the adoption of static analysis tools, and in some cases, user dissatisfaction even leads to tool abandonment. To comprehensively assess the current state of the art, this paper presents the first systematic usability evaluation in a wide range of static analysis tools. We derived a set of 36 relevant criteria from the scientific literature and gathered a collection of 46 static analysis tools complying with our inclusion and exclusion criteria - a representative set of mainly non-proprietary tools. Then, we evaluated how well these tools fulfill the aforementioned criteria. The evaluation shows that more than half of the considered tools offer poor warning messages, while about three-quarters of the tools provide hardly any fix support. Furthermore, the integration of user knowledge is strongly neglected, which could be used for improved handling of false positives and tuning the results for the corresponding developer. Finally, issues regarding workflow integration and specialized user interfaces are proved further. These findings should prove useful in guiding and focusing further research and development in the area of user experience for static code analyses.},
  booktitle = {Proceedings of the 31st ACM SIGSOFT International Symposium on Software Testing and Analysis},
  pages     = {532-543},
  numpages  = {12},
  keywords  = {program analysis, user experience, static analysis, explainability, tool support},
  location  = {Virtual, South Korea},
  series    = {ISSTA 2022}
}

@misc{editor-definition,
  author       = {{Fuchs Media Solutions}},
  title        = {{Editor Begriffserklärung und Definition}},
  howpublished = {\url{https://www.seo-analyse.com/seo-lexikon/e/editor/}},
  note         = {{[Online, abgerufen am 11.10.23]}}
}

@misc{lsp-witekio,
  author       = {{Witekio}},
  title        = {{An Introduction To Language Server Protocol}},
  howpublished = {\url{https://witekio.com/de/blog-de/an-introduction-to-language-server-protocol/}},
  note         = {{[Online, abgerufen am 11.10.23]}}
}

@misc{lsp-microsoft,
  author       = {{Microsoft}},
  title        = {{Language Server Protocol Specification - 3.17}},
  howpublished = {\url{https://microsoft.github.io/language-server-protocol/specifications/lsp/3.17/specification}},
  note         = {{[Online, abgerufen am 14.10.23]}}
}

@misc{lsp-medium,
  author       = {{Malintha Ranasinghe}},
  title        = {{Understanding the Language Server Protocol}},
  year         = {2021},
  howpublished = {\url{https://medium.com/@malintha1996/understanding-the-language-server-protocol-5c0ba3ac83d2}},
  note         = {{[Online, abgerufen am 14.10.23]}}
}

@misc{virtualization-techtarget,
  author       = {{Kate Brush, Brian Kirsch}},
  title        = {{virtualization}},
  year         = {2021},
  howpublished = {\url{https://www.techtarget.com/searchitoperations/definition/virtualization}},
  note         = {{[Online, abgerufen am 16.10.23]}}
}

@misc{virtualization-red-hat,
  author       = {{Red Hat, Inc.}},
  title        = {{What is virtualization?}},
  year         = {2018},
  howpublished = {\url{https://www.redhat.com/de/topics/virtualization/what-is-virtualization}},
  note         = {{[Online, abgerufen am 16.10.23]}}
}

@misc{hypervisor-red-hat,
  author       = {{Red Hat, Inc.}},
  title        = {{What is a hypervisor?}},
  year         = {2023},
  howpublished = {\url{https://www.redhat.com/en/topics/virtualization/what-is-a-hypervisor}},
  note         = {{[Online, abgerufen am 16.10.23]}}
}

@inbook{kubernetes-in-action-introduction,
  author    = {Lukša, Marko},
  title     = {Einführung in Kubernetes},
  booktitle = {Kubernetes in Action},
  chapter   = {},
  pages     = {1-27},
  doi       = {10.3139/9783446456020.001},
  url       = {https://www.hanser-elibrary.com/doi/abs/10.3139/9783446456020.001},
  eprint    = {https://www.hanser-elibrary.com/doi/pdf/10.3139/9783446456020.001},
  year      = {2018},
  publisher = {Hanser}
}

@misc{container-runtime-aquasec,
  author       = {{Aqua Security Software Ltd. }},
  title        = {{What Is a Container Runtime?}},
  howpublished = {\url{https://www.aquasec.com/cloud-native-academy/container-security/container-runtime/}},
  note         = {{[Online, abgerufen am 17.10.23]}}
}

@misc{container-image-dev-insider,
  author       = {{Stephan Augsten}},
  title        = {{Was ist ein Container Image?}},
  year         = {2018},
  howpublished = {\url{https://www.dev-insider.de/was-ist-ein-container-image-a-756912/}},
  note         = {{[Online, abgerufen am 17.10.23]}}
}

@misc{kubernetes-google-cloud,
  author       = {{Google Cloud}},
  title        = {{What is Kubernetes?}},
  howpublished = {\url{https://cloud.google.com/learn/what-is-kubernetes}},
  note         = {{[Online, abgerufen am 17.10.23]}}
}

@misc{kubernetes-cluster-vmware,
  author       = {{VMware, Inc.}},
  title        = {{What is a Kubernetes cluster?}},
  howpublished = {\url{https://www.vmware.com/topics/glossary/content/kubernetes-cluster.html}},
  note         = {{[Online, abgerufen am 17.10.23]}}
}

@misc{kubernetes-devopscube,
  author       = {{Bibin Wilson}},
  title        = {{Kubernetes Architecture - Detailed Explanation}},
  year         = {2023},
  howpublished = {\url{https://devopscube.com/kubernetes-architecture-explained/}},
  note         = {{[Online, abgerufen am 18.10.23]}}
}

@misc{kubernetes-cluster-ionos,
  author       = {{IONOS}},
  title        = {{How to create Kubernetes clusters}},
  year         = {2022},
  howpublished = {\url{https://www.ionos.com/digitalguide/server/know-how/kubernetes-cluster/}},
  note         = {{[Online, abgerufen am 18.10.23]}}
}

@misc{etcd-ibm,
  author       = {{IBM}},
  title        = {{Was ist etcd?}},
  howpublished = {\url{https://www.ibm.com/de-de/topics/etcd}},
  note         = {{[Online, abgerufen am 18.10.23]}}
}

@inbook{kubernetes-in-action-chapter-11,
  author    = {Lukša, Marko},
  title     = {Interne Mechanismen von Kubernetes},
  booktitle = {Kubernetes in Action},
  chapter   = {},
  pages     = {337-377},
  doi       = {10.3139/9783446456020.011},
  url       = {https://www.hanser-elibrary.com/doi/abs/10.3139/9783446456020.011},
  eprint    = {https://www.hanser-elibrary.com/doi/pdf/10.3139/9783446456020.011},
  year      = {2018},
  publisher = {Hanser}
}

@misc{kubernetes-objects-kodekloud,
  author       = {{Hemanta Sundaray}},
  title        = {{What Are Objects Used for in Kubernetes? 11 Types of Objects Explained.}},
  year         = {2023},
  howpublished = {\url{https://kodekloud.com/blog/kubernetes-objects/}},
  note         = {{[Online, abgerufen am 18.10.23]}}
}

@inbook{kubernetes-in-action-chapter-3,
  author    = {Lukša, Marko},
  title     = {Pods: Container in Kubernetes ausführen},
  booktitle = {Kubernetes in Action},
  chapter   = {},
  pages     = {61-93},
  doi       = {10.3139/9783446456020.003},
  url       = {https://www.hanser-elibrary.com/doi/abs/10.3139/9783446456020.003},
  eprint    = {https://www.hanser-elibrary.com/doi/pdf/10.3139/9783446456020.003},
  year      = {2018},
  publisher = {Hanser}
}

@misc{kubernetes-replica-set-kubematic,
  author       = {{Seyi Ewegbemi}},
  title        = {{Kubernetes ReplicaSet: An Introduction}},
  year         = {2021},
  howpublished = {\url{https://www.kubermatic.com/blog/introduction-to-kubernetes-replicasets/}},
  note         = {{[Online, abgerufen am 19.10.23]}}
}

@inbook{kubernetes-in-action-chapter-9,
  author    = {Lukša, Marko},
  title     = {Deployments: Anwendungen deklarativ aktualisieren},
  booktitle = {Kubernetes in Action},
  chapter   = {},
  pages     = {275-306},
  doi       = {10.3139/9783446456020.009},
  url       = {https://www.hanser-elibrary.com/doi/abs/10.3139/9783446456020.009},
  eprint    = {https://www.hanser-elibrary.com/doi/pdf/10.3139/9783446456020.009},
  year      = {2018},
  publisher = {Hanser}
}

@misc{kubernetes-deployment-vmware,
  author       = {{VMware, Inc.}},
  title        = {{What is a Kubernetes Deployment?}},
  howpublished = {\url{https://www.vmware.com/de/topics/glossary/content/kubernetes-deployment.html}},
  note         = {{[Online, abgerufen am 19.10.23]}}
}

@misc{kubernetes-secrets,
  author       = {{The Kubernetes Authors}},
  title        = {{Secrets}},
  year         = {2023},
  howpublished = {\url{https://kubernetes.io/docs/concepts/configuration/secret/}},
  note         = {{[Online, abgerufen am 19.10.23]}}
}

@misc{kubernetes-secrets-medium,
  author       = {{Vineet Sharma}},
  title        = {{Secrets Management in Kubernetes}},
  year         = {2021},
  howpublished = {\url{https://medium.com/avmconsulting-blog/secrets-management-in-kubernetes-378cbf8171d0}},
  note         = {{[Online, abgerufen am 19.10.23]}}
}

@misc{kubernetes-namespaces-vmware,
  author       = {{VMware, Inc.}},
  title        = {{What is a Kubernetes Namespace?}},
  howpublished = {\url{https://www.vmware.com/topics/glossary/content/kubernetes-namespace.html}},
  note         = {{[Online, abgerufen am 19.10.23]}}
}

@misc{kubernetes-labels,
  author       = {{The Kubernetes Authors}},
  title        = {{Labels and Selectors}},
  year         = {2023},
  howpublished = {\url{https://kubernetes.io/docs/concepts/overview/working-with-objects/labels/}},
  note         = {{[Online, abgerufen am 19.10.23]}}
}

@misc{json-schema-description,
  author       = {{Open Collective}},
  title        = {{What is JSON Schema?}},
  howpublished = {\url{https://json-schema.org/overview/what-is-jsonschema}},
  note         = {{[Online, abgerufen am 20.10.23]}}
}

@misc{json-schema-creation,
  author       = {{Open Collective}},
  title        = {{Creating your first schema}},
  howpublished = {\url{https://json-schema.org/learn/getting-started-step-by-step}},
  note         = {{[Online, abgerufen am 20.10.23]}}
}

@misc{rpc-computer-weekly,
  author       = {{Brein Matturro}},
  title        = {{Remote Procedure Call (RPC)}},
  howpublished = {\url{https://www.computerweekly.com/de/definition/Remote-Procedure-Call-RPC}},
  note         = {{[Online, abgerufen am 23.10.23]}}
}

@misc{node-js-dev-insider,
  author       = {{MirkoK}},
  title        = {{Was ist Node.js?}},
  year         = {2020},
  howpublished = {\url{https://www.dev-insider.de/was-ist-nodejs-a-f1cf589873d6c7db02778e53baad47e4/}},
  note         = {{[Online, abgerufen am 23.10.23]}}
}

@misc{node-js-about,
  author       = {{The OpenJS Foundation}},
  title        = {{About Node.js®}},
  howpublished = {\url{https://nodejs.org/en/about}},
  note         = {{[Online, abgerufen am 23.10.23]}}
}

@misc{typescript-kinsta,
  author       = {{Kinsta Inc.}},
  title        = {{Was ist TypeScript? Ein umfassender Leitfaden}},
  year         = {2023},
  howpublished = {\url{https://kinsta.com/de/wissensdatenbank/was-ist-typescript/}},
  note         = {{[Online, abgerufen am 23.10.23]}}
}

@misc{typescript-doubleslash-blog,
  author       = {{Markus Wingler}},
  title        = {{Was ist eigentlich TypeScript?}},
  year         = {2018},
  howpublished = {\url{https://blog.doubleslash.de/was-ist-eigentlich-typescript}},
  note         = {{[Online, abgerufen am 23.10.23]}}
}

@misc{docker-for-desktop-overview,
  author       = {{Docker Inc.}},
  title        = {{Overview of Docker Desktop}},
  howpublished = {\url{https://docs.docker.com/desktop/}},
  note         = {{[Online, abgerufen am 23.10.23]}}
}

@misc{docker-for-desktop-kubernetes,
  author       = {{Docker Inc.}},
  title        = {{Deploy on Kubernetes with Docker Desktop}},
  howpublished = {\url{https://docs.docker.com/desktop/kubernetes/}},
  note         = {{[Online, abgerufen am 23.10.23]}}
}

@misc{monorepo-narwhal,
  author       = {{Narwhal Technologies Inc.}},
  title        = {{What is a Monorepo?}},
  howpublished = {\url{https://monorepo.tools/#what-is-a-monorepo}},
  note         = {{[Online, abgerufen am 25.10.23]}}
}

@misc{openapi-org,
  author       = {{The Linux Foundation}},
  title        = {{What is OpenAPI?}},
  howpublished = {\url{https://www.openapis.org/what-is-openapi}},
  note         = {{[Online, abgerufen am 26.10.23]}}
}

@misc{proxy-ryte-wiki,
  author       = {{Ryte}},
  title        = {{Proxy-Server}},
  year         = {2021},
  howpublished = {\url{https://de.ryte.com/wiki/Proxy-Server}},
  note         = {{[Online, abgerufen am 27.10.23]}}
}

@misc{proxy-it-service-network,
  author       = {{IT-SERVICE.NETWORK}},
  title        = {{Proxy-Server}},
  howpublished = {\url{https://it-service.network/it-lexikon/proxy}},
  note         = {{[Online, abgerufen am 27.10.23]}}
}

@misc{openapi-to-json-schema,
  author       = {{Jean-Philippe Evrard}},
  title        = {{openapi2jsonschema}},
  howpublished = {\url{https://github.com/instrumenta/openapi2jsonschema}},
  note         = {{[Online, abgerufen am 27.10.23]}}
}

@misc{vscode-json-language-service,
  author       = {{Martin Aeschlimann}},
  title        = {{vscode-json-languageservice}},
  howpublished = {\url{https://github.com/microsoft/vscode-json-languageservice}},
  note         = {{[Online, abgerufen am 31.10.23]}}
}

@misc{parser-tech-target,
  author       = {{Ben Lutkevich}},
  title        = {{parser}},
  howpublished = {\url{https://www.techtarget.com/searchapparchitecture/definition/parser}},
  note         = {{[Online, abgerufen am 01.11.23]}}
}

@misc{yaml-spacelift,
  author       = {{Omkar Birade}},
  title        = {{YAML Tutorial : A Complete Language Guide with Examples}},
  year         = {2022},
  howpublished = {\url{https://spacelift.io/blog/yaml}},
  note         = {{[Online, abgerufen am 03.11.23]}}
}

@misc{yaml-cloudbees,
  author       = {{Erik Francis}},
  title        = {{YAML Tutorial: Everything You Need to Get Started in Minutes}},
  year         = {2023},
  howpublished = {\url{https://www.cloudbees.com/blog/yaml-tutorial-everything-you-need-get-started}},
  note         = {{[Online, abgerufen am 03.11.23]}}
}

@misc{yaml-javatpoint,
  author       = {{JavaTpoint}},
  title        = {{YAML Scalars}},
  howpublished = {\url{https://www.javatpoint.com/yaml-scalars}},
  note         = {{[Online, abgerufen am 03.11.23]}}
}

@misc{json-developer-mozilla,
  author       = {{Mozilla Foundation}},
  title        = {{Working with JSON}},
  year         = {2023},
  howpublished = {\url{https://developer.mozilla.org/en-US/docs/Learn/JavaScript/Objects/JSON}},
  note         = {{[Online, abgerufen am 03.11.23]}}
}

@misc{json-org,
  author       = {{JSON Org}},
  title        = {{Einführung in JSON}},
  howpublished = {\url{https://www.json.org/json-de.html}},
  note         = {{[Online, abgerufen am 03.11.23]}}
}

@inbook{typescript-design-pattern-chapter-6,
  author    = {Vane, Vilic},
  title     = {Behavioral Design Pattern: Continuous},
  booktitle = {TypeScript Design Patterns: Boost Your Development Efficiency by Learning about Design Patterns in TypeScript},
  chapter   = {6},
  pages     = {149-178},
  url       = {https://ebookcentral-1proquest-1com-14da9i9kz0212.han.ub.uni-kassel.de/lib/unikassel/detail.action?docID=4661556.},
  eprint    = {https://ebookcentral-1proquest-1com-14da9i9kz0212.han.ub.uni-kassel.de/lib/unikassel/detail.action?docID=4661556.},
  year      = {2016},
  publisher = {Packt Publishing, Limited}
}

@misc{design-patterns-refactoring-guru,
  author       = {{Refactoring.Guru.}},
  title        = {{Template Method}},
  howpublished = {\url{https://refactoring.guru/design-patterns/template-method}},
  note         = {{[Online, abgerufen am 10.11.23]}}
}

@inproceedings{10.1145/3357223.3365759,
  author    = {Xu, Charles and Ilyevskiy, Dmitry},
  title     = {Isopod: An Expressive DSL for Kubernetes Configuration},
  year      = {2019},
  isbn      = {9781450369732},
  publisher = {Association for Computing Machinery},
  address   = {New York, NY, USA},
  url       = {https://doi.org/10.1145/3357223.3365759},
  doi       = {10.1145/3357223.3365759},
  booktitle = {Proceedings of the ACM Symposium on Cloud Computing},
  pages     = {483},
  numpages  = {1},
  keywords  = {Configuration Language, Cluster Orchestration},
  location  = {Santa Cruz, CA, USA},
  series    = {SoCC '19}
}

@inproceedings{9776450,
  author    = {Gokhale, Shivani and Poosarla, Reetika and Tikar, Sanjeevani and Gunjawate, Swapnali and Hajare, Aparna and Deshpande, Shilpa and Gupta, Sourabh and Karve, Kanchan},
  booktitle = {2021 International Conference on Computing, Communication and Green Engineering (CCGE)},
  title     = {Creating Helm Charts to ease deployment of Enterprise Application and its related Services in Kubernetes},
  year      = {2021},
  volume    = {},
  number    = {},
  pages     = {1-5},
  doi       = {10.1109/CCGE50943.2021.9776450}
}

@inproceedings{9476056,
  author    = {Bose, Dibyendu Brinto and Rahman, Akond and Shamim, Shazibul Islam},
  booktitle = {2021 IEEE/ACM 2nd International Workshop on Engineering and Cybersecurity of Critical Systems (EnCyCriS)},
  title     = {‘Under-reported’ Security Defects in Kubernetes Manifests},
  year      = {2021},
  volume    = {},
  number    = {},
  pages     = {9-12},
  doi       = {10.1109/EnCyCriS52570.2021.00009}
}

@misc{dev-to-kubernetes-challenges,
  author       = {{Atulpriya Sharma}},
  title        = {{Solving Challenges of Kubernetes YAML Manifest using Monokle}},
  year         = {2023},
  howpublished = {\url{https://dev.to/techmaharaj/solving-challenges-of-kubernetes-yaml-manifest-using-monokle-4e1k}},
  note         = {{[Online, abgerufen am 15.11.23]}}
}

@misc{kubetools-io-kubernetes-manifest-management,
  author       = {{Karan Singh}},
  title        = {{Streamline Your Kubernetes Manifest Management with Monokle}},
  year         = {2023},
  howpublished = {\url{https://www.kubetools.io/kubernetes/streamline-your-kubernetes-manifest-management-with-monokle/}},
  note         = {{[Online, abgerufen am 15.11.23]}}
}

@misc{newstack-io-kubernetes-manifest-lifecycle,
  author       = {{Christian Lete}},
  title        = {{The Kubernetes Manifest Life Cycle Too Often Overlooked}},
  year         = {2022},
  howpublished = {\url{https://thenewstack.io/the-kubernetes-manifest-life-cycle-too-often-overlooked/}},
  note         = {{[Online, abgerufen am 15.11.23]}}
}

@misc{spacelift-io-kubernetes-challenges,
  author       = {{James Walker}},
  title        = {{15 Common Kubernetes Pitfalls \& Challenges}},
  year         = {2023},
  howpublished = {\url{https://spacelift.io/blog/kubernetes-challenges#6-label-selector-mismatches}},
  note         = {{[Online, abgerufen am 15.11.23]}}
}
@misc{entwickler-de-kubernetes-problems,
  author       = {{Lukas Gentele}},
  title        = {{Kubernetes hat ein Imageproblem}},
  year         = {2019},
  howpublished = {\url{https://spacelift.io/blog/kubernetes-challenges#6-label-selector-mismatches}},
  note         = {{[Online, abgerufen am 15.11.23]}}
}

@misc{the-chief-io-kubernetes-challenges,
  author       = {{The Chief I/O}},
  title        = {{Kubernetes Challenges for Developers - Part I}},
  howpublished = {\url{https://thechief.io/c/cloudplex/kubernetes-challenges-developers-part-i/}},
  note         = {{[Online, abgerufen am 17.11.23]}}
}

@misc{techtarget-kubernetes-challenges,
  author       = {{Michael Levan}},
  title        = {{How to validate a Kubernetes manifest}},
  year         = {2023},
  howpublished = {\url{https://www.techtarget.com/searchsoftwarequality/tip/How-to-validate-a-Kubernetes-manifest}},
  note         = {{[Online, abgerufen am 17.11.23]}}
}

@misc{monokle-kubernetes-challenges,
  author       = {{Cortney Nickerson}},
  title        = {{Kubernetes Manifest Files Explained}},
  year         = {2023},
  howpublished = {\url{https://monokle.io/learn/kubernetes-manifest-files-explained}},
  note         = {{[Online, abgerufen am 17.11.23]}}
}

@misc{qovery-kubernetes-challenges,
  author       = {{Morgan Perry}},
  title        = {{7 Common Kubernetes Pitfalls in 2023}},
  year         = {2022},
  howpublished = {\url{https://www.qovery.com/blog/7-common-kubernetes-pitfalls}},
  note         = {{[Online, abgerufen am 17.11.23]}}
}

@misc{dynatrace-kubernetes-security-challenges,
  author       = {{Angela Kelly}},
  title        = {{Weighing the top seven Kubernetes challenges and how to solve them}},
  year         = {2023},
  howpublished = {\url{https://www.dynatrace.com/news/blog/the-top-seven-kubernetes-challenges/}},
  note         = {{[Online, abgerufen am 18.11.23]}}
}

@inproceedings{10.1145/3468264.3473495,
  author    = {Shamim, Shazibul Islam},
  title     = {Mitigating Security Attacks in Kubernetes Manifests for Security Best Practices Violation},
  year      = {2021},
  isbn      = {9781450385626},
  publisher = {Association for Computing Machinery},
  address   = {New York, NY, USA},
  url       = {https://doi.org/10.1145/3468264.3473495},
  doi       = {10.1145/3468264.3473495},
  booktitle = {Proceedings of the 29th ACM Joint Meeting on European Software Engineering Conference and Symposium on the Foundations of Software Engineering},
  pages     = {1689–1690},
  numpages  = {2},
  location  = {Athens, Greece},
  series    = {ESEC/FSE 2021}
}

@article{10.1145/3579639,
  author     = {Rahman, Akond and Shamim, Shazibul Islam and Bose, Dibyendu Brinto and Pandita, Rahul},
  title      = {Security Misconfigurations in Open Source Kubernetes Manifests: An Empirical Study},
  year       = {2023},
  issue_date = {July 2023},
  publisher  = {Association for Computing Machinery},
  address    = {New York, NY, USA},
  volume     = {32},
  number     = {4},
  issn       = {1049-331X},
  url        = {https://doi.org/10.1145/3579639},
  doi        = {10.1145/3579639},
  journal    = {ACM Trans. Softw. Eng. Methodol.},
  month      = {may},
  articleno  = {99},
  numpages   = {36}
}

@misc{kubeconform-source,
  title        = {{kubeconform}},
  year         = {2023},
  howpublished = {\url{https://github.com/yannh/kubeconform}}
}

@misc{kubelinter-source,
  title        = {{kube-linter}},
  year         = {2023},
  howpublished = {\url{https://github.com/stackrox/kube-linter}}
}

@misc{kubescore-source,
  title        = {{kube-score}},
  year         = {2023},
  howpublished = {\url{https://github.com/zegl/kube-score}}
}

@misc{kubectl-validate-source,
  title        = {{kubectl-validate}},
  year         = {2023},
  howpublished = {\url{https://github.com/kubernetes-sigs/kubectl-validate}}
}

@misc{kubernetes-lens-source,
  title        = {{Lens | The Kubernetes IDE}},
  year         = {2023},
  howpublished = {\url{https://k8slens.dev/}}
}

@misc{monokle-source,
  title        = {{monokle}},
  year         = {2023},
  howpublished = {\url{https://github.com/kubeshop/monokle}}
}

@misc{vscode-yaml-source,
  title        = {{vscode-yaml}},
  year         = {2023},
  howpublished = {\url{https://github.com/redhat-developer/vscode-yaml}}
}

@misc{kpad-source,
  title        = {{kpad}},
  year         = {2023},
  howpublished = {\url{https://github.com/mrqzzz/kpad}}
}

@misc{valid-cube-source,
  title        = {{validkube}},
  year         = {2023},
  howpublished = {\url{https://github.com/mrqzzz/kpad}}
}